@misc{evans1,
  title={{Dynamically Inferring Temporal Properties}},
  author={David Evans, Jinlin Yang}
}

@misc{evans2,
  title={{Perracotta: Mining Temporal API Rules from Imperfect Traces}},
  author={David Evans, Jinlin Yang}
}

@misc{timedregex,
  title={{Timed Regular Expressions}},
  author={Eugene Asarin, Paul Caspi, Oded Maler}
}

@misc{dwyer,
  title={{Patterns in Property Specifications for Finite-State Verification}},
  author={Matthew B. Dwyer, George S. Avrunin, James C. Corbett}
}

@misc{book1,
  title={{Introduction to Automata Theory, Languages, and Computation}},
  author={John E. Hopcroft, Rajeev Motwani, and Jeffrey D. Ullman}
}

@misc{book2,
  title={{Foundations of Computer Science}},
  author={Jeffrey Ullman, Alfred Aho}
}
