@misc{evans1,
  title={{Dynamically Inferring Temporal Properties}},
  author={David Evans, Jinlin Yang}
}

@misc{evans2,
  title={{Perracotta: Mining Temporal API Rules from Imperfect Traces}},
  author={David Evans, Jinlin Yang}
}

@misc{timedregex,
  title={{Timed Regular Expressions}},
  author={Eugene Asarin, Paul Caspi, Oded Maler}
}

@misc{dwyer,
  title={{Patterns in Property Specifications for Finite-State Verification}},
  author={Matthew B. Dwyer, George S. Avrunin, James C. Corbett}
}

@misc{book1,
  title={{Introduction to Automata Theory, Languages, and Computation}},
  author={John E. Hopcroft, Rajeev Motwani, and Jeffrey D. Ullman}
}
@INPROCEEDINGS{DBLP:conf/popl/AmmonsBL02,
  author = {Glenn Ammons and Rastislav Bod{\'{\i}}k and James R. Larus},
  title = {Mining {S}pecifications},
  booktitle = {Conference Record of {POPL} 2002: The 29th {SIGPLAN-SIGACT} Symposium
	on Principles of Programming Languages, Portland, OR, USA, January
	16-18, 2002},
  year = {2002},
  pages = {4--16},
  bibsource = {dblp computer science bibliography, http://dblp.org},
  biburl = {http://dblp.uni-trier.de/rec/bib/conf/popl/AmmonsBL02},
  crossref = {DBLP:conf/popl/2002},
  doi = {10.1145/503272.503275},
  timestamp = {Mon, 18 Mar 2013 08:38:35 +0100},
  url = {http://doi.acm.org/10.1145/503272.503275}
}

@PROCEEDINGS{DBLP:conf/popl/2002,
  title = {Conference Record of {POPL} 2002: The 29th {SIGPLAN-SIGACT} Symposium
	on Principles of Programming Languages, Portland, OR, USA, January
	16-18, 2002},
  year = {2002},
  editor = {John Launchbury and John C. Mitchell},
  publisher = {{ACM}},
  bibsource = {dblp computer science bibliography, http://dblp.org},
  biburl = {http://dblp.uni-trier.de/rec/bib/conf/popl/2002},
  isbn = {1-58113-450-9},
  timestamp = {Mon, 18 Mar 2013 08:38:35 +0100},
  url = {http://dl.acm.org/citation.cfm?id=503272}
}
